
%% This BibTeX bibliography file was created using BibDesk.
%% http://bibdesk.sourceforge.net/

%% Created for Daniel Noble at 2017-11-29 12:57:46 +1100 


%% Saved with string encoding Unicode (UTF-8) 
@ARTICLE{Hartgerink2017,
   author = {{Hartgerink}, C. and {Murray-Rust}, P.},
    title = "{Extracting data from vector figures in scholarly articles}",
  journal = {ArXiv e-prints},
archivePrefix = "arXiv",
   eprint = {1709.02261},
 primaryClass = "cs.DL",
 keywords = {Computer Science - Digital Libraries, Computer Science - Information Retrieval},
     year = 2017,
    month = sep,
   adsurl = {http://adsabs.harvard.edu/abs/2017arXiv170902261H},
  adsnote = {Provided by the SAO/NASA Astrophysics Data System}
}

@article{Wallace2017,
author = {Wallace, Byron C. and Lajeunesse, Marc J. and Dietz, George and Dahabreh, Issa J. and Trikalinos, Thomas A. and Schmid, Christopher H. and Gurevitch, Jessica},
doi = {10.1111/2041-210X.12708},
file = {:Users/jpick/Downloads/Wallace{\_}et{\_}al-2017-Methods{\_}in{\_}Ecology{\_}and{\_}Evolution.pdf:pdf},
isbn = {2041-210X},
issn = {2041210X},
journal = {Methods in Ecology and Evolution},
keywords = {effect sizes,meta-analysis,meta-regression,open-access,open-source,phylogenetic comparative analyses,research synthesis},
mendeley-groups = {0{\_}Sydney/metaDigitise},
number = {8},
pages = {941--947},
title = {{OpenMEE: Intuitive, open-source software for meta-analysis in ecology and evolutionary biology}},
volume = {8},
year = {2017}
}


@article{Hadfield2010b,
archivePrefix = {arXiv},
arxivId = {arXiv:1501.0228},
author = {Hadfield, Jarrod D},
doi = {10.1002/ana.23792},
eprint = {arXiv:1501.0228},
file = {:Users/jpick/Library/Application Support/Mendeley Desktop/Downloaded/Hadfield - 2010 - MCMC methods for multi-response generalized linear mixed models the MCMCglmm R package.pdf:pdf},
isbn = {9781439811870},
issn = {19390068},
journal = {Journal of Statistical Software},
keywords = {animal model,linear mixed model,mcmc,multivariate,pedigree,phylogeny},
mendeley-groups = {1{\_}PhD/3{\_}chicks,0{\_}Sydney/Poisson/supplements,0{\_}Sydney/metaDigitise},
number = {2},
pages = {1--22},
pmid = {18291371},
title = {{MCMC methods for multi-response generalized linear mixed models: The {\{}MCMCglmm{\}} {\{}R{\}} package}},
url = {http://www.jstatsoft.org/v33/i02/},
volume = {33},
year = {2010}
}

@article{Viechtbauer2010,
archivePrefix = {arXiv},
arxivId = {arXiv:1501.0228},
author = {Viechtbauer, Wolfgang},
doi = {10.1103/PhysRevB.91.121108},
eprint = {arXiv:1501.0228},
file = {:Users/jpick/Downloads/v36i03.pdf:pdf},
isbn = {1548-7660},
issn = {19390068},
journal = {Journal of Statistical Software},
keywords = {meta-analysis,meta-regression,mixed-effects model,moderator analysis,r},
mendeley-groups = {0{\_}Sydney/metaDigitise},
number = {3},
pages = {1--48},
pmid = {18291371},
title = {{Conducting Meta-Analyses in R with the metafor Package}},
volume = {36},
year = {2010}
}

@article{Noble2018,
author = {Noble, Daniel W.A. and Stenhouse, Vaughn and Schwanz, Lisa E.},
doi = {10.1111/brv.12333},
file = {:Users/jpick/Downloads/Noble{\_}et{\_}al-2018-Biological{\_}Reviews.pdf:pdf},
isbn = {1469-185X},
issn = {1469185X},
journal = {Biological Reviews},
keywords = {climate change,crocodile,incubation temperature,lizard,meta-regression,parental effects,phenotypes,snake,thermal plasticity,turtle},
mendeley-groups = {0{\_}Sydney/metaDigitise},
number = {1},
pages = {72--97},
pmid = {28464349},
title = {{Developmental temperatures and phenotypic plasticity in reptiles: a systematic review and meta-analysis}},
volume = {93},
year = {2018}
}

@article{Koricheva2014,
author = {Koricheva, Julia and Gurevitch, Jessica},
doi = {10.1111/1365-2745.12224},
file = {:Users/jpick/Downloads/Koricheva{\_}et{\_}al-2014-Journal{\_}of{\_}Ecology.pdf:pdf},
isbn = {1365-2745},
issn = {13652745},
journal = {Journal of Ecology},
keywords = {Ecophysiology,Meta-analysis,Methodological quality,Plant ecology,Research synthesis,Systematic review,Vote counting},
mendeley-groups = {0{\_}Sydney/metaDigitise},
number = {4},
pages = {828--844},
title = {{Uses and misuses of meta-analysis in plant ecology}},
volume = {102},
year = {2014}
}

@article{Gurevitch2018,
author = {Gurevitch, Jessica and Koricheva, Julia and Nakagawa, Shinichi and Stewart, Gavin},
doi = {10.1038/nature25753},
file = {:Users/jpick/Downloads/Gurevitch-et-al-2018-nature{\_}M-A-and-the-science-of-research-synthesis.pdf:pdf},
isbn = {1476-4687 (Electronic)
0028-0836 (Linking)},
issn = {14764687},
journal = {Nature},
mendeley-groups = {0{\_}Sydney/metaDigitise},
number = {7695},
pages = {175--182},
pmid = {29517004},
publisher = {Nature Publishing Group},
title = {{Meta-analysis and the science of research synthesis}},
url = {http://dx.doi.org/10.1038/nature25753},
volume = {555},
year = {2018}
}


@article{Noble2017,
	Author = {Noble, Daniel W.A. and Lagisz, Malgorzata and O'Dea, Rose E. and Nakagawa, Shinichi},
	Date-Added = {2017-11-29 01:49:18 +0000},
	Date-Modified = {2017-11-29 01:51:03 +0000},
	Journal = {Molecular Ecology},
	Pages = {2410--2425},
	Title = {Nonindependence and sensitivity analyses in ecological and evolutionary meta-analyses},
	Volume = {26},
	Year = {2017}}

@article{Ihle2017,
	Author = {Ihle, Malika and Winney, Isabel S. and Krystalli, Anna and Croucher, Michael},
	Date-Added = {2017-11-24 03:39:48 +0000},
	Date-Modified = {2017-11-24 03:40:10 +0000},
	Doi = {10.1093/beheco/arx003},
	Eprint = {/oup/backfile/content_public/journal/beheco/28/2/10.1093_beheco_arx003/1/arx003.pdf},
	Journal = {Behavioral Ecology},
	Number = {2},
	Pages = {348-354},
	Title = {Striving for transparent and credible research: practical guidelines for behavioral ecologists},
	Url = {+ http://dx.doi.org/10.1093/beheco/arx003},
	Volume = {28},
	Year = {2017},
	Bdsk-Url-1 = {+%20http://dx.doi.org/10.1093/beheco/arx003},
	Bdsk-Url-2 = {http://dx.doi.org/10.1093/beheco/arx003}}

@article{bates2015,
	Author = {Bates, Douglas and Maechler, Martin and Bolker, Ben and Walker, Steve},
	Date-Added = {2017-11-24 00:42:43 +0000},
	Date-Modified = {2017-11-24 00:43:39 +0000},
	Journal = {Journal of Statistical Software},
	Number = {1},
	Pages = {1--48},
	Title = {Fitting Linear Mixed-Effects Models Using lme4},
	Volume = {67},
	Year = {2015}}

@article{hadfield2010,
	Author = {Hadfield, Jarrod D.},
	Date-Added = {2017-11-24 00:36:20 +0000},
	Date-Modified = {2017-11-24 00:39:07 +0000},
	Journal = {Journal of Statistical Software},
	Number = {2},
	Pages = {1--22},
	Title = {MCMC methods for multi-response Generalised Linear Mixed Models: the MCM Cglmm R package},
	Volume = {33},
	Year = {2010}}

@article{stoffel2017,
	Author = {Stoffel, Martin A. and Nakagawa, Shinichi and Schielzeth, Holger},
	Date-Added = {2017-11-24 00:34:01 +0000},
	Date-Modified = {2017-11-24 00:35:42 +0000},
	Journal = {Methods in Ecology and Evolution},
	Number = {11},
	Pages = {1639--1644},
	Title = {rptR: repeatability estimation and variance decomposition by generalized linear mixed-effects models},
	Volume = {8},
	Year = {2017}}

@article{Parker2016,
	Author = {Parker, Timothy H. and Forstmeier, Wolfgang and Koricheva, Julia and Fidler, Fiona and Hadfield, Jarrod and En Chee, Yung and Kelly, Clint D. and Gurevitch, Jessica and Nakagawa, Shinichi},
	Date-Added = {2017-11-20 23:30:01 +0000},
	Date-Modified = {2017-11-20 23:32:09 +0000},
	Journal = {Trends in Ecology and Evolution},
	Pages = {711-719},
	Title = {Transparency in Ecology and Evolution: Real Problems, Real Solutions},
	Volume = {31},
	Year = {2016}}

@article{Borenstein2009,
	Author = {Borenstein, M. and Hedges, L.V. and Higgens, J.P.T. and Rothstein, H.R.},
	Date-Added = {2017-11-19 23:00:46 +0000},
	Date-Modified = {2017-11-19 23:57:18 +0000},
	Journal = {John Wily Sons. Ltd. West Sussex, UK},
	Title = {Introduction to meta-analysis},
	Year = {2009}}

@article{Glass1976,
	Author = {Glass, G.V.},
	Date-Added = {2017-11-19 23:00:46 +0000},
	Date-Modified = {2017-11-19 23:00:46 +0000},
	Journal = {Educational Researcher},
	Pages = {3-8},
	Title = {Primary, secondary, and meta-analysis research},
	Volume = {5},
	Year = {1976}}

@article{Glass1977,
	Author = {Glass, G.V.},
	Date-Added = {2017-11-19 23:00:46 +0000},
	Date-Modified = {2017-11-19 23:00:46 +0000},
	Journal = {Review of Research in Education},
	Pages = {351-379},
	Title = {Integrating findings: The meta-analysis of research},
	Volume = {5},
	Year = {1977}}

@article{Koricheva2013,
	Author = {Koricheva, J. and Gurevitch, J. and Mengersen, K.},
	Date-Added = {2017-11-19 23:00:46 +0000},
	Date-Modified = {2017-11-19 23:00:46 +0000},
	Journal = {Princeton University Press, Princeton, New Jersey.},
	Title = {Handbook of Meta-Analysis in Ecology and Evolution},
	Year = {2013}}

@article{KoriGuri2014,
	Author = {Koricheva, J. and Gurevitch, J.},
	Date-Added = {2017-11-19 23:00:46 +0000},
	Date-Modified = {2017-11-19 23:00:46 +0000},
	Journal = {Journal of Ecology},
	Pages = {828-844},
	Title = {Uses and misuses of meta-analysis in plant ecology.},
	Volume = {102},
	Year = {2014}}

@article{van_trouble_2011,
	Author = {Van Noorden, Richard},
	Date-Added = {2017-11-19 22:58:59 +0000},
	Date-Modified = {2017-11-19 22:58:59 +0000},
	Journal = {Nature},
	Number = {7367},
	Pages = {26--28},
	Publisher = {Macmillan Publishers Ltd., London, England},
	Title = {The trouble with retractions},
	Volume = {478},
	Year = {2011}}

@article{steen_retractions_2010,
	Author = {Steen, R Grant},
	Date-Added = {2017-11-19 22:58:54 +0000},
	Date-Modified = {2017-11-19 22:58:54 +0000},
	Journal = {Journal of Medical Ethics},
	Pages = {jme--2010},
	Publisher = {BMJ Publishing Group Ltd and Institute of Medical Ethics},
	Title = {Retractions in the scientific literature: is the incidence of research fraud increasing?},
	Year = {2010}}

@article{roche_troubleshooting_2014,
	Author = {Roche, Dominique G and Lanfear, Robert and Binning, Sandra A and Haff, Tonya M and Schwanz, Lisa E and Cain, Kristal E and Kokko, Hanna and Jennions, Michael D and Kruuk, Loeske EB},
	Date-Added = {2017-11-19 22:58:40 +0000},
	Date-Modified = {2017-11-19 22:58:40 +0000},
	Journal = {PLoS biology},
	Number = {1},
	Pages = {e1001779},
	Publisher = {Public Library of Science},
	Title = {Troubleshooting public data archiving: suggestions to increase participation},
	Volume = {12},
	Year = {2014}}

@article{sandve_ten_2013,
	Author = {Sandve, Geir Kjetil and Nekrutenko, Anton and Taylor, James and Hovig, Eivind},
	Date-Added = {2017-11-19 22:58:36 +0000},
	Date-Modified = {2017-11-19 22:58:36 +0000},
	Journal = {PLoS Computational Biology},
	Number = {10},
	Pages = {e1003285},
	Publisher = {Public Library of Science},
	Title = {Ten simple rules for reproducible computational research},
	Volume = {9},
	Year = {2013}}

@article{peng_reproducible_2006,
	Author = {Peng, Roger D and Dominici, Francesca and Zeger, Scott L},
	Date-Added = {2017-11-19 22:58:26 +0000},
	Date-Modified = {2017-11-19 22:58:26 +0000},
	Journal = {American Journal of Epidemiology},
	Number = {9},
	Pages = {783--789},
	Publisher = {Oxford Univ Press},
	Title = {Reproducible epidemiologic research},
	Volume = {163},
	Year = {2006}
	}

@article{peng_reproducible_2011,
	Author = {Peng, Roger D},
	Date-Added = {2017-11-19 22:58:26 +0000},
	Date-Modified = {2017-11-19 22:58:26 +0000},
	Journal = {Science},
	Number = {6060},
	Pages = {1226},
	Publisher = {NIH Public Access},
	Title = {Reproducible research in computational science},
	Volume = {334},
	Year = {2011}}

@article{Naka2017,
	Author = {Nakagawa, Shinichi and Noble, Daniel W.A. and Senior, Alistair M. and Lagisz, Malgorzata},
	Date-Added = {2017-11-19 22:29:57 +0000},
	Date-Modified = {2017-11-19 22:33:39 +0000},
	Journal = {BMC Biology},
	Pages = {18; DOI 10.1186/s12915-017-0357-7},
	Title = {Meta-evaluation of meta-analysis: ten appraisal questions for biologists},
	Volume = {15},
	Year = {2017}}

@article{Wan2014,
	Author = {Wan, Xiang and Wang, Wenqian and Liu, Jiming and Tong, Tiejun},
	Doi = {10.1186/1471-2288-14-135},
	Journal = {BMC Medical Research Methodology},
	Number = {1},
	Pages = {135},
	Title = {{Estimating the sample mean and standard deviation from the sample size, median, range and/or interquartile range.}},
	Volume = {14},
	Year = {2014},
	Bdsk-Url-1 = {http://dx.doi.org/10.1186/1471-2288-14-135}}

@article{Bland2015,
	Author = {Bland, Martin},
	Pages = {57--64},
	Title = {{Estimating Mean and Standard Deviation from the Sample Size, Three Quartiles, Minimum, and Maximum}},
	Journal = {International Journal of Statistics in Medical Research},
	Volume = {4},
	Year = {2015}
}

@article{Lajeunesse2016,
	Author = {Marc J. Lajeunesse},
	Journal = {Methods in Ecology and Evolution},
	Pages = {323-330},
	Title = {Facilitating systematic reviews, data extraction, and meta-analysis with the metagear package for R},
	Volume = {7},
	Year = {2016}}

@article{Poisot2011,
	Author = {Poisot, T},
	Journal = {The R Journal},
	Number = {1},
	Pages = {25--26},
	Title = {{The digitize package: extracting numerical data from scatterplots}},
	Url = {http://rjournal.github.io/archive/2011-1/RJournal{\_}2011-1.pdf{\#}page=25},
	Volume = {3},
	Year = {2011},
	Bdsk-Url-1 = {http://rjournal.github.io/archive/2011-1/RJournal%7B%5C_%7D2011-1.pdf%7B%5C#%7Dpage=25}}

@manual{WebPlotDigitizer,
	Address = {Austin, Texas, USA},
	Author = {Ankit Rohatgi},
	Title = {\proglang{WebPlotDigitizer} Software, Version~4.0},
	Url = {https://automeris.io/WebPlotDigitizer},
	Year = {2017},
	Bdsk-Url-1 = {https://automeris.io/WebPlotDigitizer}}

@manual{DigitizeIt,
	Address = {Braunschweig, Germany},
	Author = {Bormann, I},
	Title = {\proglang{DigitizeIt} Software, Version~2.0},
	Url = {http://www.digitizeit.de/},
	Year = {2012},
	Bdsk-Url-1 = {http://www.digitizeit.de/}}

@manual{GraphClick,
	Author = {{Arizona-Software}},
	Title = {\proglang{GraphClick} Software, Version~3.0},
	Url = {http://www.arizona-software.ch/graphclick},
	Year = {2008},
	Bdsk-Url-1 = {http://www.arizona-software.ch/graphclick}}

@manual{DataThief,
	Author = {Tummers, B},
	Title = {\proglang{DataThief} Software, Version~3.0},
	Url = {http://www.arizona-software.ch/graphclick},
	Year = {2006},
	Bdsk-Url-1 = {http://www.arizona-software.ch/graphclick}}
